%% This BibTeX bibliography file was created using BibDesk.
%% http://bibdesk.sourceforge.net/


%% Created for wangruchen at 2015-07-09 15:53:35 +0800 


%% Saved with string encoding Unicode (UTF-8) 

@inproceedings{Quantifying2015Ellen,
  title={Quantifying California current plankton samples with efficient machine learning techniques},
  author={Jeffrey, Ellen and Hongyu, Li and Mark, D. Ohman},
  booktitle={Proceedings of OCEANS 2015 MTS/IEEE Washington},
  pages={1--9},
  year={2015},
}

@article{Watson2004HoloMar,
  title={HoloMar: A holographic camera for subsea imaging of plankton},
  author={Watson, John},
  journal={Sea Technology},
  volume={45},
  number={12},
  pages={53--55},
  year={2004},
}

@mastersthesis{魏雅娟2013暗视场浮游动物图像自动识别方法研究,
  title={暗视场浮游动物图像自动识别方法研究},
  author={魏雅娟},
  year={2013},
  school={中国海洋大学},
  address={青岛},
  lang = "zh",
}

@article{骆巧琦2011基于形状特征的硅藻显微图像自动识别,
  title={基于形状特征的硅藻显微图像自动识别},
  author={骆巧琦 and 李雪松 and 梁君荣 and 陈长平 and 高亚辉},
  journal={厦门大学学报：自然科学版},
  volume={50},
  number={4},
  pages={690--696},
  year={2011},
}

@article{汪振兴2007赤潮藻类图像自动识别的研究,
  title={赤潮藻类图像自动识别的研究},
  author={汪振兴 and 佘焱 and 姜建国},
  journal={海洋环境科学},
  volume={26},
  number={1},
  pages={42--44},
  year={2007},
}

@article{王明时2004显微图像分析技术在赤潮生物识别中的应用,
  title={显微图像分析技术在赤潮生物识别中的应用},
  author={王明时 and 王学民 and 张磊},
  journal={天津大学学报: 自然科学与工程技术版},
  volume={37},
  number={5},
  pages={392--395},
  year={2004},
}

@inproceedings{huang2004extreme,
  title={Extreme learning machine: a new learning scheme of feedforward neural networks},
  author={Huang, Guang-Bin and Zhu, Qin-Yu and Siew, Chee-Kheong},
  booktitle={Proceedings of IEEE International Joint Conference on Neural Networks},
  volume={2},
  pages={985--990},
  year={2004},
}

@article{jeffries1984automated,
  title={Automated sizing, counting and identification of zooplankton by pattern recognition},
  author={Jeffries, HP and Berman, MS and Poularikas, AD and Katsinis, C and Melas, I and Sherman, K and Bivins, L},
  journal={Marine Biology},
  volume={78},
  number={3},
  pages={329--334},
  year={1984},
  publisher={Springer}
}

@inproceedings{pfitsch2005development,
  title={Development of a free-drifting submersible digital holographic imaging system},
  author={Pfitsch, DW and Malkiel, E and Ronzhes, Y and King, SR and Sheng, J and Katz, J},
  booktitle={Proceedings of OCEANS 2005 MTS/IEEE},
  volume={1},
  pages={690--696},
  year={2005},
}

@article{katz1999submersible,
  title={Submersible holocamera for detection of particle characteristics and motions in the ocean},
  author={Katz, J and Donaghay, PL and Zhang, J and King, S and Russell, K},
  journal={Deep Sea Research Part I: Oceanographic Research Papers},
  volume={46},
  number={8},
  pages={1455--1481},
  year={1999},
  publisher={Elsevier}
}

@article{davis1992video,
  title={The video plankton recorder (VPR): design and initial results},
  author={Davis, CS and Gallager, SM and Berman, MS and Haury, LR and Strickler, JR},
  journal={Arch. Hydrobiol. Beih},
  volume={36},
  pages={67--81},
  year={1992},
}

@inproceedings{culverhouse2003expert,
  title={Expert and machine discrimination of marine flora: A comparison of recognition accuracy of field-collected phytoplankton},
  author={Culverhouse, PF and Williams, R and Reguera, B and Herry, V and Gonzalez-Gil, S},
  booktitle={Proceedings of International Conference on Visual Information Engineering},
  pages={177--181},
  year={2003},
}

@article{verikas2012phase,
  title={Phase congruency-based detection of circular objects applied to analysis of phytoplankton images},
  author={Verikas, Antanas and Gelzinis, Adas and Bacauskiene, Marija and Olenina, Irina and Olenin, Sergej and Vaiciukynas, Evaldas},
  journal={Pattern Recognition},
  volume={45},
  number={4},
  pages={1659--1670},
  year={2012},
  publisher={Elsevier}
}

@article{hense2008use,
  title={Use of fluorescence information for automated phytoplankton investigation by image analysis},
  author={Hense, Burkhard A and Gais, Peter and J{\"u}tting, Uta and Scherb, Hagen and Rodenacker, Karsten},
  journal={Journal of Plankton Research},
  volume={30},
  number={5},
  pages={587--606},
  year={2008},
  publisher={Oxford Univ Press}
}

@article{sosik2007automated,
  title={Automated taxonomic classification of phytoplankton sampled with imaging-in-flow cytometry},
  author={Sosik, Heidi M and Olson, Robert J},
  journal={Limnology and Oceanography: Methods},
  volume={5},
  pages={204--216},
  year={2007}
}

@article{hu2006accurate,
  title={Accurate automatic quantification of taxa-specific plankton abundance using dual classification with correction},
  author={Hu, Qiao and Davis, Cabell S},
  journal={Marine Ecology Progress Series},
  volume={306},
  pages={51--61},
  year={2006},
  publisher={Inter-Research}
}

@inproceedings{blaschko2005automatic,
  title={Automatic in situ identification of plankton},
  author={Blaschko, Matthew B and Holness, Gary and Mattar, Marwan A and Lisin, Dimitri and Utgoff, Paul E and Hanson, Allen R and Schultz, Howard and Riseman, Edward M},
  booktitle={Proceedings of IEEE Workshops on Application of Computer Vision},
  volume={1},
  pages={79--86},
  year={2005},
}

@article{culverhouse2003experts,
  title={Do experts make mistakes? A comparison of human and machine identification of dinoflagellates},
  author={Culverhouse, Phil F and Williams, Robert and Reguera, Beatriz and Herry, Vincent and Gonz{\'a}lez-Gil, Sonsoles},
  journal={Marine Ecology Progress Series},
  volume={247},
  pages={17--25},
  number={5},
  year={2003}
}

@article{embleton2003automated,
  title={Automated counting of phytoplankton by pattern recognition: a comparison with a manual counting method},
  author={Embleton, KV and Gibson, CE and Heaney, SI},
  journal={Journal of Plankton Research},
  volume={25},
  number={6},
  pages={669--681},
  year={2003},
  publisher={Oxford Univ Press}
}

@article{wilkinsondiatom,
  title={Diatom Identification with Mathematical Morphology},
  author={Wilkinson, Michael and Urbach, Erik and Jalba, Andre and Roerdink, Jos},
  journal={Mathematical Morphology: From Theory to Applications},
  pages={355--365},
  year={2010},
  publisher={Wiley Online Library}
}

@article{dimitrovski2012hierarchical,
  title={Hierarchical classification of diatom images using ensembles of predictive clustering trees},
  author={Dimitrovski, Ivica and Kocev, Dragi and Loskovska, Suzana and D{\v{z}}eroski, Sa{\v{s}}o},
  journal={Ecological Informatics},
  volume={7},
  number={1},
  pages={19--29},
  year={2012},
  publisher={Elsevier}
}

@article{hicks2006model,
  title={A model of diatom shape and texture for analysis, synthesis and identification},
  author={Hicks, Yulia Alexandrovna and Marshall, D and Rosin, Paul L and Martin, Ralph R and Mann, David G and Droop, Stephen JM},
  journal={Machine Vision and Applications},
  volume={17},
  number={5},
  pages={297--307},
  year={2006},
  publisher={Springer}
}

@article{gorsky2010digital,
  title={Digital zooplankton image analysis using the ZooScan integrated system},
  author={Gorsky, Gaby and Ohman, Mark D and Picheral, Marc and Gasparini, St{\'e}phane and Stemmann, Lars and Romagnan, Jean-Baptiste and Cawood, Alison and Pesant, St{\'e}phane and Garc{\'\i}a-Comas, Carmen and Prejger, Franck},
  journal={Journal of Plankton Research},
  volume={32},
  number={3},
  pages={285--303},
  year={2010},
  publisher={Oxford Univ Press}
}

@article{bograd2003calcofi,
  title={CalCOFI: A half century of physical, chemical, and biological research in the California Current System},
  author={Bograd, Steven J and Checkley, David A and Wooster, Warren S},
  journal={Deep Sea Research Part II: Topical Studies in Oceanography},
  volume={50},
  number={14},
  pages={2349--2353},
  year={2003},
  publisher={Elsevier}
}

@inproceedings{zhou2008design,
  title={Design and evaluation of optical image sensing device for marine plankton monitoring},
  author={Zhou, Zhangguo and Yu, Xinsheng and Sui, Meihong and Zhang, Fengli},
  booktitle={Proceedings of International Conference of Optical Instrument and Technology},
  pages={71570--71570},
  year={2008},
}

@article{tan2012实时浮游生物图像目标智能识别系统设计,
  title={实时浮游生物图像目标智能识别系统设计},
  author={Tan-Feng, HONG and Yao-Wu, CHEN and others},
  journal={计算机工程},
  volume={38},
  number={15},
  pages={183--186},
  year={2012}
}

@article{于翔2009水下全自动显微成像仪,
  title={水下全自动显微成像仪},
  author={于翔 and 宋家驹 and 于连生},
  journal={海洋技术},
  volume={28},
  number={4},
  pages={14--16},
  year={2009}
}

@article{戴君伟2006海洋赤潮生物图像实时采集系统,
  title={海洋赤潮生物图像实时采集系统},
  author={戴君伟 and 王博亮 and 谢杰镇 and 骆庭伟 and 焦念志},
  journal={高技术通讯},
  volume={16},
  number={12},
  pages={1316--1320},
  year={2006}
}

@article{benfield2007rapid,
  title={RAPID: Research on automated plankton identification},
  author={Benfield, Mark C and Grosjean, Philippe and Culverhouse, Phil F and Irigoien, Xabier and Sieracki, Michael E and Lopez-Urrutia, Angel and Dam, Hans G and Hu, Qiao and Davis, Cabell S and Hansen, Allen and others},
  journal={Oceanography},
  volume={20},
  number={2},
  pages={172--187},
  year={2007},
  publisher={Oceanography Society}
}

@article{remsen2004you,
  title={What you see is not what you catch: a comparison of concurrently collected net, Optical Plankton Counter, and Shadowed Image Particle Profiling Evaluation Recorder data from the northeast Gulf of Mexico},
  author={Remsen, Andrew and Hopkins, Thomas L and Samson, Scott},
  journal={Deep Sea Research Part I: Oceanographic Research Papers},
  volume={51},
  number={1},
  pages={129--151},
  year={2004},
  publisher={Elsevier}
}

@article{davis2005three,
  title={A three-axis fast-tow digital Video Plankton Recorder for rapid surveys of plankton taxa and hydrography},
  author={Davis, Cabell S and Thwaites, Fredrik T and Gallager, Scott M and Hu, Qiao},
  journal={Limnology and Oceanography: Methods},
  volume={3},
  pages={59--74},
  year={2005}
}

@article{breiman2001random,
	Author = {Breiman, Leo},
	Date-Added = {2015-07-05 12:07:30 +0000},
	Date-Modified = {2015-07-05 12:07:30 +0000},
	Journal = {Machine learning},
	Number = {1},
	Pages = {5--32},
	Publisher = {Springer},
	Title = {Random forests},
	Volume = {45},
	Year = {2001}}

@inproceedings{lowe1999object,
	Author = {Lowe, David G},
	Booktitle = {Proceedings of the Seventh IEEE International Conference on Computer Vision},
	Date-Added = {2015-06-25 14:32:18 +0000},
	Date-Modified = {2015-06-25 14:32:18 +0000},
	Organization = {Ieee},
	Pages = {1150--1157},
	Title = {Object recognition from local scale-invariant features},
	Volume = {2},
	Year = {1999}}

@article{lowe2004distinctive,
	Author = {Lowe, David G},
	Date-Added = {2015-06-25 14:32:18 +0000},
	Date-Modified = {2015-06-25 14:32:18 +0000},
	Journal = {International journal of computer vision},
	Number = {2},
	Pages = {91--110},
	Publisher = {Springer},
	Title = {Distinctive image features from scale-invariant keypoints},
	Volume = {60},
	Year = {2004}}

@inproceedings{dalal2005histograms,
	Author = {Dalal, Navneet and Triggs, Bill},
	Booktitle = {Proceedings of IEEE Computer Society Conference on Computer Vision and Pattern Recognition},
	Date-Added = {2015-06-25 14:32:18 +0000},
	Date-Modified = {2015-06-25 14:32:18 +0000},
	Pages = {886--893},
	Title = {Histograms of oriented gradients for human detection},
	Volume = {1},
	Year = {2005}}

@inproceedings{ojala1994performance,
	Author = {Ojala, Timo and Pietikainen, Matti and Harwood, David},
	Booktitle = {Proceedings of the 12th IAPR International Conference on Pattern Recognition},
	Date-Added = {2015-06-30 02:35:25 +0000},
	Date-Modified = {2015-06-30 02:35:25 +0000},
	Number = {1},
	Pages = {582--585},
	Title = {Performance evaluation of texture measures with classification based on Kullback discrimination of distributions},
	Year = {1994}}

@article{belongie2002shape,
	Author = {Belongie, Serge and Malik, Jitendra and Puzicha, Jan},
	Date-Added = {2015-06-25 14:32:18 +0000},
	Date-Modified = {2015-06-25 14:32:18 +0000},
	Journal = {IEEE Transactions on Pattern Analysis and Machine Intelligence},
	Number = {4},
	Pages = {509--522},
	Publisher = {IEEE},
	Title = {Shape matching and object recognition using shape contexts},
	Volume = {24},
	Year = {2002}}

@article{ling2007shape,
	Author = {Ling, Haibin and Jacobs, David W},
	Date-Added = {2015-06-25 14:32:18 +0000},
	Date-Modified = {2015-06-25 14:32:18 +0000},
	Journal = {IEEE Transactions on Pattern Analysis and Machine Intelligence},
	Number = {2},
	Pages = {286--299},
	Publisher = {IEEE},
	Title = {Shape classification using the inner-distance},
	Volume = {29},
	Year = {2007}}

@article{reisfeld1995context,
	Author = {Reisfeld, Daniel and Wolfson, Haim and Yeshurun, Yehezkel},
	Date-Added = {2015-07-02 13:38:10 +0000},
	Date-Modified = {2015-07-02 13:38:10 +0000},
	Journal = {International Journal of Computer Vision},
	Number = {2},
	Pages = {119--130},
	Publisher = {Springer},
	Title = {Context-free attentional operators: the generalized symmetry transform},
	Volume = {14},
	Year = {1995}}

@article{cortes1995support,
	Author = {Cortes, Corinna and Vapnik, Vladimir},
	Date-Added = {2015-07-02 13:29:46 +0000},
	Date-Modified = {2015-07-02 13:29:46 +0000},
	Journal = {Machine learning},
	Number = {3},
	Pages = {273--297},
	Publisher = {Springer},
	Title = {Support-vector networks},
	Volume = {20},
	Year = {1995}}
